@article{gabor1946,
title={Theory of Communication},
author={Dennis Gabor},
year={1946},
pages={429-457},
volume={93},
number={3},
journal={Journal of Institution of Electrical Engineers},
url={http://www.granularsynthesis.com/pdf/gabor.pdf}
}

@book{textbook1,
title={Fourier and Wavelet Signal Processing},
year={2013},
month={01},
publisher={Cambridge University Press},
url={http://www.fourierandwavelets.org/FWSP_a3.2_2013.pdf}}


@inproceedings{homage1,
author = {Hill, Peter},
year = {2007},
month = {10},
pages = {2632--2637},
title = {Dennis Gabor - Contributions to Communication Theory \ Signal Processing},
journal = {EUROCON 2007 - The International Conference on Computer as a Tool},
doi = {10.1109/EURCON.2007.4400546}}
