@article{gabor1946,
title={Theory of Communication},
author={Dennis Gabor},
year={1946},
pages={429-457},
volume={93},
number={3},
journal={Journal of Institution of Electrical Engineers},
url={http://www.granularsynthesis.com/pdf/gabor.pdf}
}

@phdthesis{doerflerphd,
author = {Doerfler, Monika},
year = {2002},
month = {01},
pages = {},
title = {Gabor analysis for a class of signals called music},
url = {http://www.mathe.tu-freiberg.de/files/thesis/gamu_1.pdf}
}

@inproceedings{jaillet,
  title={Nonstationary Gabor Frames},
  author={Florent Jaillet and P. Bal{\'a}zs and M. D{\"o}rfler},
  year={2009},
  booktitle={SAMPTA'09, International Conference on SAMPling Theory and Applications},
  url={https://github.com/ltfat/ltfat.github.io/blob/master/notes/ltfatnote010.pdf},
}

@article{jbrown,
  title={Calculation of a constant Q spectral transform},
  author={J. Brown},
  journal={Journal of the Acoustical Society of America},
  year={1991},
  volume={89},
  pages={425-434},
  url={https://www.ee.columbia.edu/~dpwe/papers/Brown91-cqt.pdf}
}

@article{msp,
author = {Brown, Judith and Puckette, Miller},
year = {1992},
month = {11},
pages = {2698},
title = {"An efficient algorithm for the calculation of a constant Q transform"},
volume = {92},
journal = {Journal of the Acoustical Society of America},
doi = {10.1121/1.404385}
}

@article{balazs,
author = {Balazs, Peter and Doerfler, Monika and Jaillet, F and Holighaus, Nicki and Velasco, Gino Angelo},
year = {2011},
month = {10},
pages = {1481-1496},
title = {Theory, implementation and applications of nonstationary Gabor frames},
volume = {236},
journal = {Journal of computational and applied mathematics},
doi = {10.1016/j.cam.2011.09.011},
url = {https://ltfat.github.io/notes/ltfatnote018.pdf}
}

@article{adaptivecqt,
author = {Liuni, Marco and Roebel, Axel and Matusiak, Ewa and Romito, Marco and Rodet, Xavier},
year = {2013},
month = {05},
pages = {},
title = {Automatic Adaptation of the Time-Frequency Resolution for Sound Analysis and Re-Synthesis},
volume = {21},
journal = {IEEE Transactions on Audio Speech and Language Processing},
doi = {10.1109/TASL.2013.2239989},
url = {https://arpi.unipi.it/retrieve/handle/11568/159584/458549/tasl.pdf}
}

@article{rtcqt,
author = {Holighaus, Nicki and Doerfler, Monika and Velasco, Gino Angelo and Grill, Thomas},
year = {2012},
month = {09},
pages = {},
title = {A Framework for Invertible, Real-Time Constant-Q Transforms},
volume = {21},
journal = {IEEE Transactions on Audio, Speech and Language Processing},
doi = {10.1109/TASL.2012.2234114},
url = {https://arxiv.org/pdf/1210.0084.pdf}
}

@misc{matlabcqt,
url = {https://www.mathworks.com/help/wavelet/ref/cqt.html},
title = {Constant-Q nonstationary Gabor transform - MATLAB cqt},
year = {2018}
}

@misc{ltfat,
url = {https://github.com/ltfat/ltfat/blob/master/ChangeLog#L291-L301},
title = {ltfat/ChangeLog},
journal = {Large Time-Frequency Analysis Toolbox}
}

@misc{invertiblecqt,
url = {https://www.univie.ac.at/nonstatgab/pdf_files/dohogrve11_amsart.pdf},
author = {Velasco, Gino Angelo and Holighaus, Nicki and Doerfler, Monika and Grill, Thomas},
year = {2011},
month = {09},
pages = {},
title = {Constructing an invertible constant-Q transform with nonstationary Gabor frames},
journal = {Proceedings of the 14th International Conference on Digital Audio Effects, DAFx 2011}
}

@misc{klapuri,
  title        = {Constant-Q Transform Toolbox for Music Processing},
  author       = {C. Sch{\"o}rkhuber and A. Klapuri},
  year         = 2010,
  publisher    = {Zenodo},
  month        = jul,
  doi          = {10.5281/zenodo.849741},
  url          = {https://doi.org/10.5281/zenodo.849741}
}
