@inproceedings{wmdct,
author = {Siedenburg, Kai and Doerfler, Monika},
year = {2011},
month = {01},
pages = {},
title = {Structured sparsity for audio signals},
booktitle = {Proc. of the 14th International Conference on Digital Audio Effects (DAFx-11), Paris, France}
}

@incollection{ltfat,
    year={2014},
    isbn={978-3-319-12975-4},
    booktitle={Sound, Music, and Motion},
    series={Lecture Notes in Computer Science},
    editor={Aramaki, Mitsuko and Derrien, Olivier and Kronland-Martinet, Richard and Ystad, S{\o}lvi},
    title={{The Large Time-Frequency Analysis Toolbox 2.0}},
    publisher={Springer International Publishing},
    author={Pr\r{u}\v{s}a, Zden\v{e}k and S{\o}ndergaard, Peter L. and Holighaus, Nicki and Wiesmeyr, Christoph and Balazs, Peter},
    pages={419-442},
    doi={{10.1007/978-3-319-12976-1_25}},
}

@article{dictionary,
author = {Rubinstein, Ron and Bruckstein, Alfred and Elad, Michael},
year = {2010},
month = {07},
pages = {1045 - 1057},
title = {Dictionaries for Sparse Representation Modeling},
volume = {98},
journal = {Proceedings of the IEEE},
doi = {10.1109/JPROC.2010.2040551},
url = {https://www.cs.technion.ac.il/~ronrubin/Publications/dictdesign.pdf}
}

@article{dictionary1,
author = {Mallat, S.G. and Zhang, Zhifeng},
title = {Matching Pursuits with Time-Frequency Dictionaries},
year = {1993},
publisher = {IEEE Press},
volume = {41},
number = {12},
issn = {1053-587X},
doi = {10.1109/78.258082},
journal = {Trans. Sig. Proc.},
month = {12},
pages = {3397–3415},
}

@article{dictionary2,
author = {Chen, S.S. and Donoho, D. and Saunders, Michael},
year = {2001},
month = {01},
pages = {33-61},
title = {Atomic decomposition by basis pursuit[J]},
volume = {43},
journal = {Siam Review}
}

@misc{honeine2014entropy,
      title={Entropy of Overcomplete Kernel Dictionaries}, 
      author={Paul Honeine},
      year={2014},
      eprint={1411.0161},
      archivePrefix={arXiv},
      primaryClass={cs.IT},
      url = {https://arxiv.org/pdf/1411.0161.pdf}
}

@misc{pastor2015mathematics,
      title={Mathematics of Sparsity and Entropy: Axioms, Core Functions and Sparse Recovery}, 
      author={Giancarlo Pastor and Inmaculada Mora-Jiménez and Riku Jäntti and Antonio J. Caamaño},
      year={2015},
      eprint={1501.05126},
      archivePrefix={arXiv},
      primaryClass={cs.IT}
}

@article{sparsitykowalski,
author = {Kowalski, Matthieu and Torrésani, Bruno},
year = {2009},
month = {09},
pages = {},
title = {Sparsity and persistence: Mixed norms provide simple signal models with dependent coefficients},
volume = {3},
journal = {Signal Image and Video Processing},
doi = {10.1007/s11760-008-0076-1}
}

@article{sparsitykowalski2,
author = {Kowalski, Matthieu and Torrésani, Bruno},
year = {2009},
month = {04},
pages = {},
title = {Structured Sparsity: from Mixed Norms to Structured Shrinkage},
volume = {53},
journal = {SPARS09-Signal Processing with Adaptive Sparse Structured Representations}
}

@article{tfjigsaw,
author = {Jaillet, Florent and Torrésani, Bruno},
year = {2007},
month = {03},
pages = {},
title = {Time-Frequency Jigsaw Puzzle: adaptive multiwindow and multilayered Gabor expansions},
volume = {05},
journal = {International Journal of Wavelets, Multiresolution and Information Processing},
doi = {10.1142/S0219691307001768}
}

@article{tibshirani,
author = {Tibshirani, Robert},
year = {2011},
month = {06},
pages = {273-282},
title = {Regression shrinkage selection via the LASSO},
volume = {73},
journal = {Journal of the Royal Statistical Society Series B},
doi = {10.2307/41262671}
}

@book{tibshirani2,
author = {Hastie, Trevor and Tibshirani, Robert and Wainwright, Martin},
title = {Statistical Learning with Sparsity: The Lasso and Generalizations},
year = {2015},
isbn = {1498712169},
publisher = {Chapman \& Hall/CRC},
}

@misc{Schmidt05leastsquares,
    author = {Mark Schmidt},
    title = {Least Squares Optimization with L1-Norm Regularization},
    year = {2005},
    url = {https://www.cs.ubc.ca/~schmidtm/Documents/2005_Notes_Lasso.pdf}
}
